\begin{filecontents}{\referenzen.bib}

@book{book1,
    author={Andrew S. Tanenbaum},
    title={{Moderne Betriebssysteme}},
    edition={3. aktualisierte Auflage},
    publisher={Pearson Studium},
    isbn={978-3-8273-7342-7},
    year={2009},
    url = {\url{http://www.cati.sp.gov.br/Cati/_tecnologias/piscicultura/ASP-PISCICULTURA.pdf}},
}

@book{book2,
    author={Jens Marcus Woehe and Eberhard Kurz},   
    title={{Krisen in Digitalprojekten erfolgreich managen}},
    edition={1},
    publisher={Hanser},
    isbn={978-3-446-46756-9},
    year={2021},
    language={deutsch},
    url = {\url{http://www.cati.sp.gov.br/Cati/_tecnologias/piscicultura/ASP-PISCICULTURA.pdf}},
}

@book{book3,
    author={Steffen Wendzel},   
    title={{IT-Sicherheit f√ºr TCP/IP- und IoT-Netzwerke}},
    edition={1},
    publisher={Springer Vieweg},
    isbn={978-3-658-22602-2},
    year={2018},
    language={deutsch},
    url = {\url{http://www.cati.sp.gov.br/Cati/_tecnologias/piscicultura/ASP-PISCICULTURA.pdf}},
}





\end{filecontents}