\begin{filecontents}{\referenzen.bib}

@book{book1,
    author={Andrew S. Tanenbaum},
    title={{Moderne Betriebssysteme}},
    edition={3. aktualisierte Auflage},
    publisher={Pearson Studium},
    isbn={978-3-8273-7342-7},
    year={2009},
}

@book{book2,
    author={Jens Marcus Woehe and Eberhard Kurz},   
    title={{Krisen in Digitalprojekten erfolgreich managen}},
    edition={1},
    publisher={Hanser},
    isbn={978-3-446-46756-9},
    year={2021},
    language={deutsch},
}

@book{book3,
    author={Steffen Wendzel},   
    title={{IT-Sicherheit für TCP/IP- und IoT-Netzwerke}},
    edition={1},
    publisher={Springer Vieweg},
    isbn={978-3-658-22602-2},
    year={2018},
    language={deutsch},
}

@book{book4,
    author={Steffen Wendzel and Johannes Plötner},   
    title={{Praxisbuch Netzwerk-Sicherheit: Risikoanalyse, 
           Methoden und Umsetzung; für Unix-Linux und Windows; 
           VPN, WLAN, Intrusion Detection, Disaster Recovery, Kryptologie}},
    edition={2},
    publisher={Galileo Computing},
    isbn={978-3898428286},
    year={2007},
    language={deutsch},
}


\end{filecontents}